%@book{aspen2022,
%    title={Aspen plus: chemical engineering applications},
%    author={Al-Malah, Kamal IM},
%    year={2022},
%    publisher={John Wiley \& Sons},
%    doi = {10.1002/9781119293644}
%}

% Preatreatment
@article{sitaraman_multiphysics_2015,
    title = {Multiphysics modeling and simulation of high-solids dilute-acid pretreatment of corn stover in a steam-explosion reactor},
    author={Sitaraman, Hariswaran and Kuhn, Erik M and Nag, Ambarish and Sprague, Michael A and Tucker, Melvin P and Stickel, Jonathan J},
    journal={Chemical Engineering Journal},
    volume={268},
    pages={47--59},
    year={2015},
    publisher={Elsevier},
    issn = {13858947},
    url = {https://linkinghub.elsevier.com/retrieve/pii/S1385894715000406},
    doi = {10.1016/j.cej.2015.01.020},
}

% EnzymaticHydrolysis
@article{sitaraman_coupled_2019,
    author = {Sitaraman, Hariswaran and Danes, Nicholas and Lischeske, James J. and Stickel, Jonathan J. and Sprague, Michael A.},
    title = {Coupled {CFD} and chemical-kinetics simulations of cellulosic-biomass enzymatic hydrolysis: Mathematical-model development and validation},
    volume = {206},
    pages = {348--360},
    journal = {Chemical Engineering Science},
    date = {2019-10-12},
    issn = {13858947},
    url = {https://linkinghub.elsevier.com/retrieve/pii/S1385894715000406},
    doi = {10.1016/j.cej.2015.01.020},
}

@article{lischeske2019two,
  title={A two-phase substrate model for enzymatic hydrolysis of lignocellulose: application to batch and continuous reactors},
  author={Lischeske, James J and Stickel, Jonathan J},
  journal={Biotechnology for biofuels},
  volume={12},
  pages={1--15},
  year={2019},
  publisher={Springer}
}

% Bioreactor
@article{rahimi_computational_2018,
    author = {Rahimi, Mohammad J. and Sitaraman, Hariswaran and Humbird, David and Stickel, Jonathan J.},
    title = {Computational fluid dynamics study of full-scale aerobic bioreactors: Evaluation of gasâ€“liquid mass transfer, oxygen uptake, and dynamic oxygen distribution},
    volume = {139},
    journal = {Chemical Engineering Research and Design},
    date = {2018-11-01},
    issn = {0263-8762},
    url = {https://www.sciencedirect.com/science/article/pii/S0263876218304337},
    doi = {10.1016/j.cherd.2018.08.033},
}

@inproceedings{yoo_slurm_2003,
    address = {Berlin, Heidelberg},
    title = {{SLURM}: {Simple} {Linux} {Utility} for {Resource} {Management}},
    booktitle = {Job {Scheduling} {Strategies} for {Parallel} {Processing}},
    publisher = {Springer Berlin Heidelberg},
    author = {Yoo, Andy B. and Jette, Morris A. and Grondona, Mark},
    editor = {Feitelson, Dror and Rudolph, Larry and Schwiegelshohn, Uwe},
    year = {2003},
    pages = {44--60},
    doi={10.1007/10968987_3},
    isbn = {978-3-540-39727-4},
}

@article{weller_1998,
    author = {Weller, H. G. and Tabor, G. and Jasak, H. and Fureby, C.},
    title = "{A tensorial approach to computational continuum mechanics using object-oriented techniques}",
    journal = {Computer in Physics},
    volume = {12},
    number = {6},
    pages = {620-631},
    year = {1998},
    month = {11},
    issn = {0894-1866},
    doi = {10.1063/1.168744},
}


@article{kluyver2016jupyter,
    title={Jupyter Notebooks-a publishing format for reproducible computational workflows.},
    author={Kluyver, Thomas and Ragan-Kelley, Benjamin and P{\'e}rez, Fernando and Granger, Brian E and Bussonnier, Matthias and Frederic, Jonathan and Kelley, Kyle and Hamrick, Jessica B and Grout, Jason and Corlay, Sylvain and others},
    journal={Elpub},
    volume={2016},
    pages={87--90},
    year={2016},
    doi={10.3233/978-1-61499-649-1-87}
}

@misc{interactive_Jupyter_widgets,
    author = {Jason Grout and Jonathan Frederic, and Sylvain Corlay},
    title = {ipywidgets: Interactive widgets for the Jupyter Notebook},
    publisher = {GitHub},
    journal = {GitHub repository},
    howpublished={\url{https://github.com/jupyter-widgets/ipywidgets}}, 
    year={2010}
}


@article{Ragauskas2014,
    author = {Arthur J. Ragauskas  and Gregg T. Beckham  and Mary J. Biddy  and Richard Chandra  and Fang Chen  and Mark F. Davis  and Brian H. Davison  and Richard A. Dixon  and Paul Gilna  and Martin Keller  and Paul Langan  and Amit K. Naskar  and Jack N. Saddler  and Timothy J. Tschaplinski  and Gerald A. Tuskan  and Charles E. Wyman },
    title = {Lignin Valorization: Improving Lignin Processing in the Biorefinery},
    journal = {Science},
    volume = {344},
    number = {6185},
    pages = {1246843},
    year = {2014},
    doi = {10.1126/science.1246843},
}

@inproceedings{young_aiche_2021,
    author = {Ethan Young and Hariswaran Sitaraman and Andrew Glaws and Andrew Bartling and James Lischeske and Jonathan Stickel},
    title = {Keynote: Virtual Engineering Software Framework for Integrated Biomass Conversion Modeling},
    booktitle = {Presented at the 2021 American Institute of Chemical Engineers (AIChE) Annual Meeting},
    year = {2021},
    url = {https://www.nrel.gov/docs/fy23osti/81423.pdf},
}

@inproceedings{young_beto_2023,
    author = {Ethan Young},
    title = {Virtual Engineering of Low-Temperature Conversion},
    booktitle = {Presented at the 2023 {U}.{S}. Department of Energy's Bioenergy Technologies Office (BETO) Project Peer Review},
    year = {2023},
    url = {https://www.nrel.gov/docs/fy23osti/85573.pdf},
}

@techreport{humbird2011process,
  title={Process design and economics for biochemical conversion of lignocellulosic biomass to ethanol: dilute-acid pretreatment and enzymatic hydrolysis of corn stover},
  author={Humbird, D. and Davis, R. and Tao, L. and Kinchin, C. and Hsu, D. and Aden, A. and Schoen, P. and Lukas, J. and Olthof, B. and Worley, M, and Sexton, D. and Dungeon, D},
  year={2011},
  institution={National Renewable Energy Lab.(NREL), Golden, CO (United States)},
  url={https://www.nrel.gov/docs/fy11osti/47764.pdf}
}

@article{begum2024review,
  title={A Review on Waste Biomass-to-Energy: Integrated Thermochemical and Biochemical Conversion for Resource Recovery},
  author={Begum, Yasmin Ara and Kumari, Sheetal and Jain, Shailendra Kumar and Garg, Manoj Chandra},
  journal={Environmental Science: Advances},
  year={2024},
  publisher={Royal Society of Chemistry},
  doi={10.1039/D4VA00109E}
}
